<?xml version="1.0" encoding="utf-8"?>
<record xmlns="http://www.loc.gov/MARC21/slim" xmlns:xsi="http://www.w3.org/2001/XMLSchema-instance" xsi:schemaLocation="http://www.loc.gov/MARC21/slim http://www.loc.gov/standards/marcxml/schema/MARC21slim.xsd">
	<leader>     nam a22        4500</leader>
	<controlfield tag="001">3054855</controlfield>
	<controlfield tag="003">NNC</controlfield>
	<controlfield tag="006">m        d        </controlfield>
	<controlfield tag="007">cr cn |||m|||a</controlfield>
	<controlfield tag="008">150505s1963    sy      o     000 0 araod</controlfield>
	<datafield ind1=" " ind2=" " tag="040">
		<subfield code="a">NNU</subfield>
		<subfield code="b">eng</subfield>
		<subfield code="e">rda</subfield>
		<subfield code="c">NNU</subfield>
	</datafield>
	<datafield ind1=" " ind2="4" tag="050">
		<subfield code="a">PJ7803.5.A3</subfield>
		<subfield code="b">R3 1963</subfield>
	</datafield>
	<datafield ind1="0" ind2=" " tag="100">
		<subfield code="6">880-01</subfield>
		<subfield code="a">Muḥammad ʻAbd al-Ḥayy,</subfield>
		<subfield code="d">1848-1886 or 1887.</subfield>
	</datafield>
	<datafield ind1="1" ind2="3" tag="245">
		<subfield code="6">880-02</subfield>
		<subfield code="a">al-Rafʼ wa-al-takmīl fī al-jarḥ wa-al-taʻdīl /</subfield>
		<subfield code="c">lil-imām Abī al-Ḥasanāt Muḥammad ʻAbd al-Ḥayy al-Laknawī al-Hindī ; ḥaqqaqahu wa-kharraja nuṣūṣahu wa-ʻallaqa ʻalayhi ʻAbd al-Fattāḥ Abū Ghuddah.</subfield>
	</datafield>
	<datafield ind1=" " ind2=" " tag="260">
		<subfield code="6">880-03</subfield>
		<subfield code="a">Ḥalab :</subfield>
		<subfield code="b">Maktab al-Maṭbūʻāt al-Islāmīyah,</subfield>
		<subfield code="c">[1963or1964]</subfield>
	</datafield>
	<datafield ind1=" " ind2=" " tag="300">
		<subfield code="a">online resource (32, 272 pages.)</subfield>
	</datafield>
	<datafield ind1=" " ind2=" " tag="336">
		<subfield code="a">text</subfield>
		<subfield code="2">rdacontent</subfield>
	</datafield>
	<datafield ind1=" " ind2=" " tag="337">
		<subfield code="a">computer</subfield>
		<subfield code="2">rdamedia</subfield>
	</datafield>
	<datafield ind1=" " ind2=" " tag="338">
		<subfield code="a">online resource</subfield>
		<subfield code="2">rdacarrier</subfield>
	</datafield>
	<datafield ind1="1" ind2=" " tag="490">
		<subfield code="6">880-04</subfield>
		<subfield code="a">Muʼallafāt al-imām al-Laknawī ;</subfield>
		<subfield code="v">1</subfield>
	</datafield>
	<datafield ind1=" " ind2=" " tag="500">
		<subfield code="a">Part of the Arabic Collections Online (ACO) project, contributed by Columbia University Libraries.</subfield>
	</datafield>
	<datafield ind1=" " ind2=" " tag="533">
		<subfield code="a">Electronic reproduction.</subfield>
		<subfield code="b">New York, N.Y. :</subfield>
		<subfield code="c">New York University,</subfield>
		<subfield code="d">2015.</subfield>
		<subfield code="5">NNU</subfield>
	</datafield>
	<datafield ind1=" " ind2="0" tag="650">
		<subfield code="a">Hadith</subfield>
		<subfield code="x">Criticism, interpretation, etc.</subfield>
	</datafield>
	<datafield ind1=" " ind2="7" tag="650">
		<subfield code="a">Hadith.</subfield>
		<subfield code="2">fast</subfield>
		<subfield code="0">(OCoLC)fst00950112</subfield>
	</datafield>
	<datafield ind1=" " ind2="7" tag="655">
		<subfield code="a">Criticism, interpretation, etc.</subfield>
		<subfield code="2">fast</subfield>
		<subfield code="0">(OCoLC)fst01411635</subfield>
	</datafield>
	<datafield ind1="1" ind2=" " tag="700">
		<subfield code="6">880-05</subfield>
		<subfield code="a">Abū Ghuddah, ʻAbd al-Fattāḥ.</subfield>
	</datafield>
	<datafield ind1="2" ind2=" " tag="710">
		<subfield code="a">Columbia University.</subfield>
		<subfield code="b">Libraries.</subfield>
	</datafield>
	<datafield ind1="0" ind2=" " tag="730">
		<subfield code="a">Arabic Collections Online.</subfield>
	</datafield>
	<datafield ind1="0" ind2="8" tag="776">
		<subfield code="i">Print version:</subfield>
		<subfield code="a">Muḥammad ʻAbd al-Ḥayy, 1848-1886 or 1887.</subfield>
		<subfield code="t">al-Rafʼ wa-al-takmīl fī al-jarḥ wa-al-taʻdīl</subfield>
		<subfield code="w">(NNC)3054855</subfield>
		<subfield code="w">(DLC)   74257192 </subfield>
		<subfield code="w">(OCoLC)34014233</subfield>
	</datafield>
	<datafield ind1=" " ind2="0" tag="830">
		<subfield code="6">880-06</subfield>
		<subfield code="a">Muʼallafāt al-imām al-Laknawī ;</subfield>
		<subfield code="v">1.</subfield>
	</datafield>
	<datafield ind1="0" ind2=" " tag="800">
		<subfield code="6">880-07</subfield>
		<subfield code="a">Muḥammad ʻAbd al-Ḥayy</subfield>
		<subfield code="t">works.</subfield>
	</datafield>
	<datafield ind1="4" ind2="0" tag="856">
		<subfield code="u">http://hdl.handle.net/2333.1/41ns1tfm</subfield>
	</datafield>
	<datafield ind1="0" ind2=" " tag="880">
		<subfield code="6">100-01/r</subfield>
		<subfield code="a">محمد عبد الحي، </subfield>
		<subfield code="d">1848-1886 or 1887.</subfield>
	</datafield>
	<datafield ind1="1" ind2="0" tag="880">
		<subfield code="6">245-02/r</subfield>
		<subfield code="a">الرفع والتكميل في الجرح والتعديل /</subfield>
		<subfield code="c">لأبي الحسنات محمد عبد الحي اللكنوي الهندي ؛ حققه وخرج نصصوصه وعلق عليه عبد الفتاح أبو غدة.</subfield>
	</datafield>
	<datafield ind1=" " ind2=" " tag="880">
		<subfield code="6">260-03/r</subfield>
		<subfield code="a">حلب :</subfield>
		<subfield code="b">مكتب المطبوعات الاسلامية، </subfield>
		<subfield code="c">[1963or1964]</subfield>
	</datafield>
	<datafield ind1="0" ind2=" " tag="880">
		<subfield code="6">490-04/r</subfield>
		<subfield code="a">مؤلفات الامام اللكنوي ؛</subfield>
		<subfield code="v">١</subfield>
	</datafield>
	<datafield ind1="1" ind2=" " tag="880">
		<subfield code="6">700-05/r</subfield>
		<subfield code="a">أبو غدة، عبد الفتاح.</subfield>
	</datafield>
	<datafield ind1=" " ind2="0" tag="880">
		<subfield code="6">830-06/r</subfield>
		<subfield code="a">مؤلفات الامام اللكنوي ؛</subfield>
		<subfield code="v">1.</subfield>
	</datafield>
	<datafield ind1="0" ind2=" " tag="880">
		<subfield code="6">800-07/r</subfield>
		<subfield code="a">محمد عبد الحي.</subfield>
		<subfield code="t">أعمال.</subfield>
	</datafield>
	<datafield ind1=" " ind2=" " tag="959">
		<subfield code="a">NNU</subfield>
		<subfield code="b">WEB</subfield>
		<subfield code="c">GENI</subfield>
		<subfield code="t">0</subfield>
		<subfield code="m">Electronic access</subfield>
		<subfield code="s">01</subfield>
	</datafield>
	<datafield ind1=" " ind2=" " tag="999">
		<subfield code="i">NNC_3054855</subfield>
		<subfield code="o">(OCoLC)34014233</subfield>
		<subfield code="s">columbia_aco000176</subfield>
	</datafield>
</record>
